@inproceedings{celerier2015ossia,
  title={OSSIA: Towards a unified interface for scoring time and interaction},
  author={Celerier, Jean-Micha{\"e}l and Baltazar, Pascal and Bossut, Cl{\'e}ment and Vuaille, Nicolas and Couturier, Jean-Michel and others},
  booktitle={TENOR2015},
  year={2015}
}
@inproceedings{celerier2016graphical,
    title={Graphical Temporal Structured Programming for Interactive Music},
    author={Celerier, Jean-Micha{\"e}l and Desainte-Catherine, Myriam and Couturier, Jean-Michel},
    booktitle={International Computer Music Conference},
    year={2016}
}
@inproceedings{celerier2016rethinking,
    title={Rethinking the audio workstation: tree-based sequencing with i-score and the LibAudioStream},
    author={Celerier, Jean-Micha{\"e}l and Desainte-Catherine, Myriam and Couturier, Jean-Michel},
    booktitle={Sound and Music Computing Conference},
    year={2016}
}
